@misc{gymnasium,
        title = {Gymnasium},
        url = {https://zenodo.org/record/8127025},
        abstract = {An API standard for single-agent reinforcement learning environments, with popular reference environments and related utilities (formerly Gym)},
        urldate = {2023-07-08},
        publisher = {Zenodo},
        author = {Towers, Mark and Terry, Jordan K. and Kwiatkowski, Ariel and Balis, John U. and Cola, Gianluca de and Deleu, Tristan and Goulão, Manuel and Kallinteris, Andreas and KG, Arjun and Krimmel, Markus and Perez-Vicente, Rodrigo and Pierré, Andrea and Schulhoff, Sander and Tai, Jun Jet and Shen, Andrew Tan Jin and Younis, Omar G.},
        month = mar,
        year = {2023},
        doi = {10.5281/zenodo.8127026},
}
